<?xml version="1.0" encoding="utf-8"?>
<record xmlns="http://www.loc.gov/MARC21/slim" xmlns:xsi="http://www.w3.org/2001/XMLSchema-instance" xsi:schemaLocation="http://www.loc.gov/MARC21/slim http://www.loc.gov/standards/marcxml/schema/MARC21slim.xsd">
	<leader>     nam a22     Mi 4500</leader>
	<controlfield tag="001">487232</controlfield>
	<controlfield tag="003">NjP</controlfield>
	<controlfield tag="006">m        d        </controlfield>
	<controlfield tag="007">cr cn |||m|||a</controlfield>
	<controlfield tag="008">210111m19391960xx h    ob    000 0 ara  </controlfield>
	<datafield ind1=" " ind2=" " tag="040">
		<subfield code="a">ZYU</subfield>
		<subfield code="b">ara</subfield>
		<subfield code="e">rda</subfield>
		<subfield code="c">ZYU</subfield>
	</datafield>
	<datafield ind1="0" ind2="0" tag="050">
		<subfield code="a">B753.G33</subfield>
		<subfield code="b">I54</subfield>
	</datafield>
	<datafield ind1="1" ind2=" " tag="100">
		<subfield code="6">880-01</subfield>
		<subfield code="a">Fayḍ al-Kāshī, Muḥammad ibn Murtaḍá,</subfield>
		<subfield code="d">1598 or 1599-1680 or 1681.</subfield>
	</datafield>
	<datafield ind1="1" ind2="3" tag="245">
		<subfield code="6">880-02</subfield>
		<subfield code="a">al-Maḥajjah al-bayḍāʼ fī tahdhīb al-Iḥyāʼ.</subfield>
	</datafield>
	<datafield ind1=" " ind2=" " tag="260">
		<subfield code="c">1939-42 [1960-63 or 4]</subfield>
	</datafield>
	<datafield ind1=" " ind2=" " tag="300">
		<subfield code="a">online resource (8 volumes) :</subfield>
		<subfield code="b">facsimiles</subfield>
	</datafield>
	<datafield ind1=" " ind2=" " tag="336">
		<subfield code="a">text</subfield>
		<subfield code="2">rdacontent</subfield>
	</datafield>
	<datafield ind1=" " ind2=" " tag="337">
		<subfield code="a">computer</subfield>
		<subfield code="2">rdamedia</subfield>
	</datafield>
	<datafield ind1=" " ind2=" " tag="338">
		<subfield code="a">online resource</subfield>
		<subfield code="2">rdacarrier</subfield>
	</datafield>
	<datafield ind1=" " ind2=" " tag="500">
		<subfield code="a">Romanized.</subfield>
	</datafield>
	<datafield ind1=" " ind2=" " tag="500">
		<subfield code="a">Part of the Arabic Collections Online (ACO) project, contributed by Princeton University Libraries.</subfield>
	</datafield>
	<datafield ind1=" " ind2=" " tag="504">
		<subfield code="a">Includes bibliographical references (v. 1, pages 36-38).</subfield>
	</datafield>
	<datafield ind1=" " ind2=" " tag="533">
		<subfield code="a">Electronic reproduction.</subfield>
		<subfield code="b">New York, N.Y. :</subfield>
		<subfield code="c">New York University,</subfield>
		<subfield code="d">2021.</subfield>
		<subfield code="5">NNU</subfield>
	</datafield>
	<datafield ind1="0" ind2="0" tag="600">
		<subfield code="6">880-03</subfield>
		<subfield code="a">Ghazzālī,</subfield>
		<subfield code="d">1058-1111.</subfield>
		<subfield code="t">Iḥyāʼ ʻulūm al-dīn.</subfield>
	</datafield>
	<datafield ind1="0" ind2="7" tag="630">
		<subfield code="a">Iḥyāʼ ʻulūm al-dīn (Ghazzālī)</subfield>
		<subfield code="2">fast</subfield>
		<subfield code="0">(OCoLC)fst01365605</subfield>
	</datafield>
	<datafield ind1="1" ind2=" " tag="700">
		<subfield code="a">Ghaffārī, ʻAlī Akbar,</subfield>
		<subfield code="e">editor.</subfield>
	</datafield>
	<datafield ind1="2" ind2=" " tag="710">
		<subfield code="a">Princeton University.</subfield>
		<subfield code="b">Library.</subfield>
	</datafield>
	<datafield ind1="0" ind2=" " tag="730">
		<subfield code="a">Arabic Collections Online.</subfield>
	</datafield>
	<datafield ind1="0" ind2="8" tag="776">
		<subfield code="i">Online version:</subfield>
		<subfield code="a">Fayḍ al-Kāshī, Muḥammad ibn Murtaḍá, 1598 or 9-1680 or 81.</subfield>
		<subfield code="t">Maḥajjah al-bayḍāʼ fī tahdhīb al-Iḥyāʼ.</subfield>
		<subfield code="d">1939-42 [1960-63 or 4]</subfield>
		<subfield code="w">(OCoLC)636866052</subfield>
	</datafield>
	<datafield ind1="0" ind2="8" tag="776">
		<subfield code="i">Print version:</subfield>
		<subfield code="a">Fayḍ al-Kāshī, Muḥammad ibn Murtaḍá, 1598 or 1599-1680 or 1681.</subfield>
		<subfield code="t">al-Maḥajjah al-bayḍāʼ fī tahdhīb al-Iḥyāʼ</subfield>
		<subfield code="w">(NjP)487232</subfield>
		<subfield code="w">(DLC)ne 64000354 </subfield>
		<subfield code="w">(OCoLC)23491786</subfield>
	</datafield>
	<datafield ind1="4" ind2="0" tag="856">
		<subfield code="u">http://hdl.handle.net/2333.1/kprr57jf</subfield>
	</datafield>
	<datafield ind1="1" ind2=" " tag="880">
		<subfield code="6">100-01</subfield>
		<subfield code="a">فيض الكاشي، محمد بن مرتضى.</subfield>
	</datafield>
	<datafield ind1="1" ind2="3" tag="880">
		<subfield code="6">245-02</subfield>
		<subfield code="a">المحجة البيضاء في تهذيب الإحياء /</subfield>
		<subfield code="c">تأليف محمد بن المربضى المدعو بالمولى محسن الكاشاني ؛ صححه وعلق عليه علي أكبر الغفاري.</subfield>
	</datafield>
	<datafield ind1=" " ind2=" " tag="880">
		<subfield code="6">260-00</subfield>
		<subfield code="a">طهران :</subfield>
		<subfield code="b">مكتبة الصدوق،</subfield>
		<subfield code="c">١٣٣٩-١٣٤٢.</subfield>
	</datafield>
	<datafield ind1="0" ind2="4" tag="880">
		<subfield code="6">600-03</subfield>
		<subfield code="a">غزالي.</subfield>
		<subfield code="t">إحياء علوم الدين.</subfield>
	</datafield>
	<datafield ind1="1" ind2=" " tag="880">
		<subfield code="6">700-00</subfield>
		<subfield code="a">غفاري، علي أكبر.</subfield>
	</datafield>
	<datafield ind1=" " ind2=" " tag="959">
		<subfield code="a">NNU</subfield>
		<subfield code="b">WEB</subfield>
		<subfield code="c">GENI</subfield>
		<subfield code="t">0</subfield>
		<subfield code="m">Electronic access</subfield>
		<subfield code="s">01</subfield>
	</datafield>
	<datafield ind1=" " ind2=" " tag="999">
		<subfield code="i">NjP_487232</subfield>
		<subfield code="o">(OCoLC)ocm23491786 </subfield>
		<subfield code="s">princeton_aco004087:juz 1-2</subfield>
		<subfield code="s">princeton_aco004088:juz 3-4</subfield>
		<subfield code="s">princeton_aco004093:juz 5-6</subfield>
		<subfield code="s">princeton_aco004094:juz 7-8</subfield>
		<subfield code="e">(ERROR-880)</subfield>
	</datafield>
</record>
